<mx:record xmlns="http://www.w3.org/TR/xhtml1/strict" xmlns:mx="http://www.loc.gov/MARC21/slim" xmlns:xsi="http://www.w3.org/2001/XMLSchema-instance"><mx:leader>00000cz   2200000n  4500</mx:leader><mx:controlfield tag="001">oca00115559 </mx:controlfield><mx:controlfield tag="005">20020116051447.0</mx:controlfield><mx:controlfield tag="008">810217n| acannaab|          |a aaa      </mx:controlfield><mx:datafield ind1=" " ind2=" " tag="010"><mx:subfield code="a">n  50082073 </mx:subfield></mx:datafield><mx:datafield ind1=" " ind2=" " tag="040"><mx:subfield code="a">DLC</mx:subfield><mx:subfield code="c">DLC</mx:subfield><mx:subfield code="d">DLC</mx:subfield><mx:subfield code="d">Uk</mx:subfield></mx:datafield><mx:datafield ind1="0" ind2=" " tag="100"><mx:subfield code="a">Diogenes,</mx:subfield><mx:subfield code="c">of Oenoanda</mx:subfield></mx:datafield><mx:datafield ind1="0" ind2=" " tag="400"><mx:subfield code="a">Diogenes von Oinoanda</mx:subfield></mx:datafield><mx:datafield ind1="0" ind2=" " tag="400"><mx:subfield code="a">Diogenes Oenoandensis</mx:subfield></mx:datafield><mx:datafield ind1="0" ind2=" " tag="400"><mx:subfield code="a">Diogene,</mx:subfield><mx:subfield code="c">d'Enoanda</mx:subfield></mx:datafield><mx:datafield ind1="0" ind2=" " tag="400"><mx:subfield code="a">Oenoanda,</mx:subfield><mx:subfield code="c">Diogenes of</mx:subfield></mx:datafield><mx:datafield ind1=" " ind2=" " tag="670"><mx:subfield code="a">Author's Diogenis Oenoandensis Fragmenta, 1967.</mx:subfield></mx:datafield><mx:datafield ind1=" " ind2=" " tag="670"><mx:subfield code="a">His I frammenti di Diogene d'Enoanda, c1984:</mx:subfield><mx:subfield code="b">t.p. (Diogene d'Enoanda)</mx:subfield></mx:datafield><mx:datafield ind1=" " ind2=" " tag="670"><mx:subfield code="a">Oxford Classical dict.</mx:subfield><mx:subfield code="b">(Diogenes, of Oenoanda (near modern Incealiler in Turkey) an Epicurean of the 2nd cent. A.D.)</mx:subfield></mx:datafield><mx:datafield ind1=" " ind2=" " tag="999"><mx:subfield code="a">1549.1207</mx:subfield></mx:datafield></mx:record>